@book{pfleeger2010software,
  title={Software Engineering: Theory and Practice},
  author={Pfleeger, S.L. and Atlee, J.M.},
 isbn={9780136061694},
 year={2010},
  publisher={Prentice Hall}
}
@book{sommerville2011software,
  title={Software Engineering},
  author={Sommerville, I.},
  isbn={9780137053469},
  lccn={2009053058},
  series={International Computer Science Series},
  url={https://books.google.com/books?id=l0egcQAACAAJ},
  year={2011},
  publisher={Pearson}
}
@online{Perrey:2007,
  title = "Exertion During Uphill, Level and Downhill Walking With and Without Hiking Poles",
  author = "Stephane Perrey and Nicolas Fabre",
  url = "http://www.jssm.org/vol7/n1/5/v7n1-5text.php",
  year = "2007"
}
@online{Hurst:2017,
  title ="This Mapping Tool Could Help Wilderness Firefighters Plan Escape Routes",
  author = "Nathan Hurst",
  url = "https://www.smithsonianmag.com/innovation/this-mapping-tool-could-help-wilderness-firefighters-plan-escape-routes-180965253/",
  year = "2017",
}
@online{Gabbert:2017,
  title = "Can technology determine the best escape route for firefighters?",
  author = "Bill Gabbert",
  url = "http://wildfiretoday.com/2017/09/29/can-technology-determine-the-best-escape-route-for-firefighters/",
  year = "2017",
}
@online{Pfau:2013,
  title = "Wilderness Search and Rescue: Sources and Uses of Geospatial Information",
  author = "Loren D. Pfau",
  url = "https://gis.e-education.psu.edu/sites/default/files/capstone/PfauCapstone_Final_20130502.pdf",
  year = "2013",
}